@Incollection{oecd,
    title={Health spending (indicator)},
    author={OECD},
    howpublished={\url{https://data.oecd.org/healthres/health-spending.htm}},
    year={2018},
    publisher={(Date accessed: 10 October 2018)}
}

@article{wang2017evaluation,
  title={The evaluation of trustworthiness to identify health insurance fraud in dentistry},
  author={Wang, Shu-Li and Pai, Hao-Ting and Wu, Mei-Fang and Wu, Fan and Li, Chen-Lin},
  journal={Artificial intelligence in medicine},
  volume={75},
  pages={40--50},
  year={2017},
  publisher={Elsevier}
}


@Incollection{fbi2012,
    author={Federal Bureau of Investigation},
    howpublished={\url{https://www.fbi.gov/file-repository/stats-services-publications-financial-crimes-report-2010-2011-financial-crimes-report-2010-2011.pdf}},
    title={Financial crimes report to the public: Fiscal year 2010-2011},
    year={2012},
    publisher={(Date accessed: 10 October 2018)}
}

@article{derrig2002insurance,
  title={Insurance fraud},
  author={Derrig, Richard A},
  journal={Journal of Risk and Insurance},
  volume={69},
  number={3},
  pages={271--287},
  year={2002},
  publisher={Wiley Online Library}
}

@book{sparrow1998fraud,
  title={Fraud Control in the health care industry: Assessing the state of the art},
  author={Sparrow, Malcolm K},
  year={1998},
  publisher={US Department of Justice, Office of Justice Programs, National Institute of Justice Washington, DC}
}

@inproceedings{shan2008mining,
  title={Mining medical specialist billing patterns for health service management},
  author={Shan, Yin and Jeacocke, David and Murray, D Wayne and Sutinen, Alison},
  booktitle={Proceedings of the 7th Australasian Data Mining Conference-Volume 87},
  pages={105--110},
  year={2008},
  organization={Australian Computer Society, Inc.}
}

@article{ortega2006medical,
  title={A Medical Claim Fraud/Abuse Detection System based on Data Mining: A Case Study in Chile.},
  author={Ortega, Pedro A and Figueroa, Cristi{\'a}n J and Ruz, Gonzalo A},
  journal={DMIN},
  volume={6},
  pages={26--29},
  year={2006},
  publisher={Citeseer}
}

@article{liou2008detecting,
  title={Detecting hospital fraud and claim abuse through diabetic outpatient services},
  author={Liou, Fen-May and Tang, Ying-Chan and Chen, Jean-Yi},
  journal={Health care management science},
  volume={11},
  number={4},
  pages={353--358},
  year={2008},
  publisher={Springer}
}

@article{kirlidog2012fraud,
  title={A fraud detection approach with data mining in health insurance},
  author={Kirlidog, Melih and Asuk, Cuneyt},
  journal={Procedia-Social and Behavioral Sciences},
  volume={62},
  pages={989--994},
  year={2012},
  publisher={Elsevier}
}

@article{shin2012scoring,
  title={A scoring model to detect abusive billing patterns in health insurance claims},
  author={Shin, Hyunjung and Park, Hayoung and Lee, Junwoo and Jhee, Won Chul},
  journal={Expert Systems with Applications},
  volume={39},
  number={8},
  pages={7441--7450},
  year={2012},
  publisher={Elsevier}
}

@article{johnson2016multi,
  title={Multi-stage methodology to detect health insurance claim fraud},
  author={Johnson, Marina Evrim and Nagarur, Nagen},
  journal={Health care management science},
  volume={19},
  number={3},
  pages={249--260},
  year={2016},
  publisher={Springer}
}

@article{yang2006process,
  title={A process-mining framework for the detection of healthcare fraud and abuse},
  author={Yang, Wan-Shiou and Hwang, San-Yih},
  journal={Expert Systems with Applications},
  volume={31},
  number={1},
  pages={56--68},
  year={2006},
  publisher={Elsevier}
}

@article{lin2008intelligent,
  title={Intelligent physician segmentation and management based on KDD approach},
  author={Lin, Chinho and Lin, Chun-Mei and Li, Sheng-Tun and Kuo, Shu-Ching},
  journal={Expert Systems with Applications},
  volume={34},
  number={3},
  pages={1963--1973},
  year={2008},
  publisher={Elsevier}
}

@inproceedings{liu2013healthcare,
  title={Healthcare fraud detection: A survey and a clustering model incorporating Geo-location information},
  author={Liu, Qi and Vasarhelyi, Miklos},
  booktitle={29th World Continuous Auditing and Reporting Symposium (29WCARS), Brisbane, Australia},
  year={2013}
}

@article{ekina2013application,
  title={Application of bayesian methods in detection of healthcare fraud},
  author={Ekina, Tahir and Leva, Francesca and Ruggeri, Fabrizio and Soyer, Refik},
  journal={chemical engineering Transaction},
  volume={33},
  year={2013}
}

@inproceedings{shan2009discovering,
  title={Discovering inappropriate billings with local density based outlier detection method},
  author={Shan, Yin and Murray, D Wayne and Sutinen, Alison},
  booktitle={Proceedings of the Eighth Australasian Data Mining Conference-Volume 101},
  pages={93--98},
  year={2009},
  organization={Australian Computer Society, Inc.}
}

@mastersthesis{capelleveen2013outlier,
  title={Outlier based predictors for health insurance fraud detection within US Medicaid},
  author={Capelleveen, Guido Cornelis},
  year={2013},
  school={University of Twente}
}

@article{bayerstadler2016bayesian,
  title={Bayesian multinomial latent variable modeling for fraud and abuse detection in health insurance},
  author={Bayerstadler, Andreas and van Dijk, Linda and Winter, Fabian},
  journal={Insurance: Mathematics and Economics},
  volume={71},
  pages={244--252},
  year={2016},
  publisher={Elsevier}
}

@Incollection{hira2018,
    author={Health Insurance Review and Assessment Service},
    howpublished={\url{http://www.hira.or.kr/bbsDummy.do?pgmid=HIRAA020045010000\&brdScnBltNo=4\&brdBltNo=2296}},
    title={2017 Medical expense statistics},
    year={2018},
    publisher={(Date accessed: 10 October 2018)}
}

@article{guo2016entity,
  title={Entity embeddings of categorical variables},
  author={Guo, Cheng and Berkhahn, Felix},
  journal={arXiv preprint arXiv:1604.06737},
  year={2016}
}

@inproceedings{nair2010rectified,
  title={Rectified linear units improve restricted boltzmann machines},
  author={Nair, Vinod and Hinton, Geoffrey E},
  booktitle={Proceedings of the 27th international conference on machine learning (ICML-10)},
  pages={807--814},
  year={2010}
}

@article{clevert2015fast,
  title={Fast and accurate deep network learning by exponential linear units (elus)},
  author={Clevert, Djork-Arn{\'e} and Unterthiner, Thomas and Hochreiter, Sepp},
  journal={arXiv preprint arXiv:1511.07289},
  year={2015}
}

@article{yao2007early,
  title={On early stopping in gradient descent learning},
  author={Yao, Yuan and Rosasco, Lorenzo and Caponnetto, Andrea},
  journal={Constructive Approximation},
  volume={26},
  number={2},
  pages={289--315},
  year={2007},
  publisher={Springer}
}

@article{srivastava2014dropout,
  title={Dropout: a simple way to prevent neural networks from overfitting},
  author={Srivastava, Nitish and Hinton, Geoffrey and Krizhevsky, Alex and Sutskever, Ilya and Salakhutdinov, Ruslan},
  journal={The Journal of Machine Learning Research},
  volume={15},
  number={1},
  pages={1929--1958},
  year={2014},
  publisher={JMLR. org}
}

@inproceedings{davis2006relationship,
  title={The relationship between Precision-Recall and ROC curves},
  author={Davis, Jesse and Goadrich, Mark},
  booktitle={Proceedings of the 23rd international conference on Machine learning},
  pages={233--240},
  year={2006},
  organization={ACM}
}

@inproceedings{maas2013rectifier,
  title={Rectifier nonlinearities improve neural network acoustic models},
  author={Maas, Andrew L and Hannun, Awni Y and Ng, Andrew Y},
  booktitle={Proc. icml},
  volume={30},
  number={1},
  pages={3},
  year={2013}
}

@article{kingma2014adam,
  title={Adam: A method for stochastic optimization},
  author={Kingma, Diederik P and Ba, Jimmy},
  journal={arXiv preprint arXiv:1412.6980},
  year={2014}
}

@article{tieleman2012lecture,
  title={Lecture 6.5-rmsprop: Divide the gradient by a running average of its recent magnitude},
  author={Tieleman, Tijmen and Hinton, Geoffrey},
  journal={COURSERA: Neural networks for machine learning},
  volume={4},
  number={2},
  pages={26--31},
  year={2012}
}

@article{duchi2011adaptive,
  title={Adaptive subgradient methods for online learning and stochastic optimization},
  author={Duchi, John and Hazan, Elad and Singer, Yoram},
  journal={Journal of Machine Learning Research},
  volume={12},
  number={Jul},
  pages={2121--2159},
  year={2011}
}



